<?xml version="1.0" encoding="UTF-8"?><record xmlns="http://www.loc.gov/MARC21/slim" xmlns:cinclude="http://apache.org/cocoon/include/1.0" xmlns:zs="http://www.loc.gov/zing/srw/">
  <leader>00409nz  a2200133n  4500</leader>
  <controlfield tag="001">no 00085566 </controlfield>
  <controlfield tag="003">DLC</controlfield>
  <controlfield tag="005">20001020070044.0</controlfield>
  <controlfield tag="008">001019n| acannaabn          |n aaa     c</controlfield>
  <datafield tag="010" ind1=" " ind2=" ">
    <subfield code="a">no 00085566 </subfield>
  </datafield>
  <datafield tag="035" ind1=" " ind2=" ">
    <subfield code="a">(OCoLC)oca05336949</subfield>
  </datafield>
  <datafield tag="040" ind1=" " ind2=" ">
    <subfield code="a">OCoLC-P</subfield>
    <subfield code="b">eng</subfield>
    <subfield code="c">OCoLC-P</subfield>
  </datafield>
  <datafield tag="100" ind1="1" ind2=" ">
    <subfield code="a">Hellste휍혖n, Soile</subfield>
  </datafield>
  <datafield tag="670" ind1=" " ind2=" ">
    <subfield code="a">Infektioiden torjunta sairaalassa, 1999:</subfield>
    <subfield code="b">verso t.p. (Soile Hellste휍혖n) p. 8 (sihteeri, Suomen Kuntaliitto)</subfield>
  </datafield>
</record>